@MISC{islam,
	author = {Caliskan-Islam, A. and Harang, R. and Liu, A. and Narayananan, A. and Voss, C. and Yamaguchi, F. and Greenstadt, R.},
	title = {De-anonymizing Programmers via Code Stylometry},
	year = {2014},
	url = {https://www.princeton.edu/~aylinc/papers/caliskan-islam_deanonymizing.pdf}
}

@MISC{joern,
	author = {Yamaguchi, F.},
	title = {Joern documentation},
	year = {2017},
	url = {http://www.mlsec.org/joern/}
}

@MISC{extratree,
	title = {ExtreTreeClassificator documentation},
	url = {http://scikit-learn.org/stable/modules/generated/sklearn.ensemble.ExtraTreesClassifier.html}
}

@MISC{variance,
	title = {VarianceThreshold documentation},
	url = {http://scikit-learn.org/stable/modules/generated/sklearn.feature_selection.VarianceThreshold.html}
}

@MISC{rfdef,
	author = {Nikola Bogunović},
	title = {Algoritmi strojnog učenja - 1, Strojno učenje},
	howpublished = {predavanja, \url{http://www.zemris.fer.hr/predmeti/kdisc/Algoritmi_1.ppt}},
	organization = {Sveučilište u Zagrebu, Fakultet elektrotehnike i računarstva, Hrvatska}
}

@MISC{statisticallearning,
	author = {Hastie, T. and Tibshirani, R. and Friedman, J.},
	title = {The elements of statistical learning},
	publisher = {Springer},
	year = {2009},
	month = {February}
}

@MISC{cse,
	title = {DecisionTree},
	howpublished = {predavanja, \url{http://www.cse.msu.edu/~cse802/DecisionTrees.pdf}},
	organization = {Michigan State University, USA}
}

@MISC{gidef,
	author = {Sebastian Raschka},
	howpublished = {\url{https://sebastianraschka.com/faq/docs/decision-tree-binary.html}}
}

@MISC{moss,
	author = {Akien A.},
	url = {https://theory.stanford.edu/~aiken/moss/}
}

@MISC{jplag,
	organization = {Karlsruhe Institute of Technology},
	url = {https://jplag.ipd.kit.edu/}
}

@MISC{winnowing,
	author = {Schleimer, S. and Wilkerson, D. S. and Aiken, A.},
	url = {http://theory.stanford.edu/~aiken/publications/papers/sigmod03.pdf},
	title = {Winnowing: Local Algorithms for Document Fingerprinting}
}

@MISC{plagijator,
	author = {Rakipović, D.},
	title = {Sustav za detekciju plagijata},
	year = {2015}
}

@MISC{dorian,
	author = {Šulc, D.},
	title = {Algoritmi i metode mjerenja sličnosti izvornog koda},
	year = {2015}
}

@MISC{breiman,
	author = {Breiman, L.},
	title = {Random Forests},
	howpublished = {Machine Learning 45},
	year = {2001}
}